@article{katz1983filling,
  title={The filling radius of two-point homogeneous spaces},
  author={Katz, Mikhail},
  journal={Journal of Differential Geometry},
  volume={18},
  number={3},
  pages={505--511},
  year={1983},
  publisher={Lehigh University}
}
