
@misc{mikhailov2025newgeodesiclinesgromovhausdorff,
	title = {New geodesic lines in the {Gromov}-{Hausdorff} class lying in the cloud of the real line},
	url = {http://arxiv.org/abs/2504.14629},
	doi = {10.48550/arXiv.2504.14629},
	urldate = {2025-05-30},
	publisher = {arXiv},
	author = {Mikhailov, Ivan N.},
	month = apr,
	year = {2025},
	note = {arXiv:2504.14629 [math]},
	keywords = {Mathematics - Metric Geometry},
	annote = {Comment: 9 pages, 2 pictures, accepted for publication in Chebyshevskii Sbornik},
}

@book{Lectures,
	title = {A {Course} in {Metric} {Geometry}},
	isbn = {978-0-8218-2129-9},
	language = {en},
	publisher = {American Mathematical Soc.},
	author = {Burago, Dmitri and Burago, Yuri Dmitrievich and Ivanov, Sergei},
	year = {2001},
	note = {Google-Books-ID: dRmIAwAAQBAJ},
	keywords = {Mathematics / Geometry / General, Mathematics / Topology},
}

@misc{TuzhBog2,
	title = {Clouds in {Gromov}-{Hausdorff} {Class}: their completeness and centers},
	shorttitle = {Clouds in {Gromov}-{Hausdorff} {Class}},
	url = {http://arxiv.org/abs/2202.07337},
	doi = {10.48550/arXiv.2202.07337},
	urldate = {2025-09-12},
	publisher = {arXiv},
	author = {Bogataya, S. I. and Bogatyy, S. A. and Redkozubov, V. V. and Tuzhilin, A. A.},
	month = feb,
	year = {2022},
	note = {arXiv:2202.07337 [math]},
	keywords = {Mathematics - Metric Geometry},
	annote = {Comment: 17 pages},
}

@misc{TuzhBog1,
	title = {Gromov-{Hausdorff} class: its completeness and cloud geometry},
	shorttitle = {Gromov-{Hausdorff} class},
	url = {http://arxiv.org/abs/2110.06101},
	doi = {10.48550/arXiv.2110.06101},
	urldate = {2025-09-12},
	publisher = {arXiv},
	author = {Bogaty, Semeon A. and Tuzhilin, Alexey A.},
	month = oct,
	year = {2021},
	note = {arXiv:2110.06101 [math]},
	keywords = {Mathematics - Metric Geometry},
	annote = {Comment: 13 pages, 1 figure},
}
