@incollection{Edwards,
	title = {The {Structure} of {Superspace}},
	isbn = {978-0-12-663450-1},
	booktitle = {Studies in {Topology}},
	publisher = {Academic Press},
	author = {Edwards, David A.},
	editor = {Stavrakas, Nick M. and Allen, Keith R.},
	month = jan,
	year = {1975},
	doi = {10.1016/B978-0-12-663450-1.50017-7},
	pages = {121--133},
}

@book{gromov_structures_1981,
	title = {Structures métriques pour les variétés riemanniennes},
	isbn = {978-2-7124-0714-8},
	language = {fr},
	publisher = {CEDIC/Fernand Nathan},
	author = {Gromov, Mikhael},
	year = {1981},
	note = {Google-Books-ID: TxN0QgAACAAJ},
}

@book{gromov_metric_2001,
	title = {Metric {Structures} for {Riemannian} and {Non}-{Riemannian} {Spaces}},
	isbn = {978-0-8176-3898-6},
	language = {en},
	publisher = {Springer Science \& Business Media},
	author = {Gromov, Mikhail},
	year = {1991},
	keywords = {Mathematics / Calculus, Mathematics / Geometry / Analytic, Mathematics / Geometry / Differential, Mathematics / Geometry / General, Mathematics / Mathematical Analysis, Mathematics / Topology},
}

@misc{borzov_extendability_2020,
	title = {Extendability of {Metric} {Segments} in {Gromov}--{Hausdorff} {Distance}},
	doi = {10.48550/arXiv.2009.00458},
	publisher = {arXiv},
	author = {Borzov, S. I. and Ivanov, A. O. and Tuzhilin, A. A.},
	month = aug,
	year = {2020},
	note = {arXiv:2009.00458 [math]},
	keywords = {Mathematics - Functional Analysis, Mathematics - General Topology, Mathematics - Metric Geometry},
	annote = {Comment: 19 pages},
	file = {Preprint PDF:/home/boris/Zotero/storage/IK5H6WGU/Borzov et al. - 2020 - Extendability of Metric Segments in Gromov--Hausdorff Distance.pdf:application/pdf;Snapshot:/home/boris/Zotero/storage/KBAL878H/2009.html:text/html},
}
@misc{mikhailov2025newgeodesiclinesgromovhausdorff,
	title = {New geodesic lines in the {Gromov}-{Hausdorff} class lying in the cloud of the real line},
	doi = {10.48550/arXiv.2504.14629},
	publisher = {arXiv},
	author = {Mikhailov, Ivan N.},
	month = apr,
	year = {2025},
	note = {arXiv:2504.14629 [math]},
	keywords = {Mathematics - Metric Geometry},
	annote = {Comment: 9 pages, 2 pictures, accepted for publication in Chebyshevskii Sbornik},
	file = {Preprint PDF:/home/boris/Zotero/storage/VT754N6T/Mikhailov - 2025 - New geodesic lines in the Gromov-Hausdorff class lying in the cloud of the real line.pdf:application/pdf;Snapshot:/home/boris/Zotero/storage/MNBYTVDN/2504.html:text/html},
}

@book{Lectures,
	title = {A {Course} in {Metric} {Geometry}},
	isbn = {978-0-8218-2129-9},
	language = {en},
	publisher = {American Mathematical Soc.},
	author = {Burago, Dmitri and Burago, Yuri Dmitrievich and Ivanov, Sergei},
	year = {2001},
	note = {Google-Books-ID: dRmIAwAAQBAJ},
	keywords = {Mathematics / Geometry / General, Mathematics / Topology},
}

@misc{TuzhBog2,
	title = {Clouds in {Gromov}-{Hausdorff} {Class}: their completeness and centers},
	doi = {10.48550/arXiv.2202.07337},
	publisher = {arXiv},
	author = {Bogataya, S. I. and Bogatyy, S. A. and Redkozubov, V. V. and Tuzhilin, A. A.},
	month = feb,
	year = {2022},
	note = {arXiv:2202.07337 [math]},
	keywords = {Mathematics - Metric Geometry},
	annote = {Comment: 17 pages},
	file = {Preprint PDF:/home/boris/Zotero/storage/7QPBQRJJ/Bogataya et al. - 2022 - Clouds in Gromov-Hausdorff Class their completeness and centers.pdf:application/pdf;Snapshot:/home/boris/Zotero/storage/UVDCSCVS/2202.html:text/html},
}

@misc{TuzhBog1,
	title = {Gromov-{Hausdorff} class: its completeness and cloud geometry},
	shorttitle = {Gromov-{Hausdorff} class},
	doi = {10.48550/arXiv.2110.06101},
	publisher = {arXiv},
	author = {Bogaty, Semeon A. and Tuzhilin, Alexey A.},
	month = oct,
	year = {2021},
	note = {arXiv:2110.06101 [math]},
	keywords = {Mathematics - Metric Geometry},
	annote = {Comment: 13 pages, 1 figure},
	file = {Preprint PDF:/home/boris/Zotero/storage/9NY2Z7BL/Bogaty and Tuzhilin - 2021 - Gromov-Hausdorff class its completeness and cloud geometry.pdf:application/pdf;Snapshot:/home/boris/Zotero/storage/IS6VY9Z7/2110.html:text/html},
}


