@incollection{Edwards,
	title = {The {Structure} of {Superspace}},
	isbn = {978-0-12-663450-1},
	booktitle = {Studies in {Topology}},
	publisher = {Academic Press},
	author = {Edwards, David A.},
	editor = {Stavrakas, Nick M. and Allen, Keith R.},
	month = jan,
	year = {1975},
	doi = {10.1016/B978-0-12-663450-1.50017-7},
	pages = {121--133},
}

@book{gromov_structures_1981,
	title = {Structures métriques pour les variétés riemanniennes},
	isbn = {978-2-7124-0714-8},
	language = {fr},
	publisher = {CEDIC/Fernand Nathan},
	author = {Gromov, Mikhael},
	year = {1981},
	note = {Google-Books-ID: TxN0QgAACAAJ},
}

@book{gromov_metric_2001,
	title = {Metric {Structures} for {Riemannian} and {Non}-{Riemannian} {Spaces}},
	isbn = {978-0-8176-3898-6},
	language = {en},
	publisher = {Springer Science \& Business Media},
	author = {Gromov, Mikhail},
	year = {1991},
	keywords = {Mathematics / Calculus, Mathematics / Geometry / Analytic, Mathematics / Geometry / Differential, Mathematics / Geometry / General, Mathematics / Mathematical Analysis, Mathematics / Topology},
}
@misc{borzov_extendability_2020,
      title={Extendability of Metric Segments in Gromov--Hausdorff Distance}, 
      author={S. I. Borzov and A. O. Ivanov and A. A. Tuzhilin},
      year={2020},
      eprint={2009.00458},
      archivePrefix={arXiv},
      primaryClass={math.MG},
}

@misc{mikhailov2025newgeodesiclinesgromovhausdorff,
      title={New geodesic lines in the Gromov-Hausdorff class lying in the cloud of the real line}, 
      author={Ivan N. Mikhailov},
      year={2025},
      eprint={2504.14629},
      archivePrefix={arXiv},
      primaryClass={math.MG},
}
@misc{mikhailovUnreleased,
    author = {Mikhailov, Ivan N.},
    title = {Расстояния Громова–Хаусдорфа между неограниченными метрическими пространствами},
    year = {2025},
}

@book{Lectures,
	title = {A {Course} in {Metric} {Geometry}},
	isbn = {978-0-8218-2129-9},
	language = {en},
	publisher = {American Mathematical Soc.},
	author = {Burago, Dmitri and Burago, Yuri Dmitrievich and Ivanov, Sergei},
	year = {2001},
	note = {Google-Books-ID: dRmIAwAAQBAJ},
	keywords = {Mathematics / Geometry / General, Mathematics / Topology},
}
@misc{TuzhBog2,
      title={Clouds in Gromov-Hausdorff Class: their completeness and centers}, 
      author={S. I. Bogataya and S. A. Bogatyy and V. V. Redkozubov and A. A. Tuzhilin},
      year={2022},
      eprint={2202.07337},
      archivePrefix={arXiv},
      primaryClass={math.MG},
}

@misc{TuzhBog1,
      title={Gromov-Hausdorff class: its completeness and cloud geometry}, 
      author={Semeon A. Bogaty and Alexey A. Tuzhilin},
      year={2021},
      eprint={2110.06101},
      archivePrefix={arXiv},
      primaryClass={math.MG},
}

@misc{nesterov2025gromovhausdorffdistancecloudbounded,
      title={On the Gromov-Hausdorff distance between the cloud of bounded metric spaces and a cloud with nontrivial stabilizer}, 
      author={B. A. Nesterov},
      year={2025},
      eprint={2505.23563},
      archivePrefix={arXiv},
      primaryClass={math.MG},
}


@misc{ivanov2016,
 
title={Gromov--Hausdorff Distance, Irreducible Correspondences, Steiner Problem, and Minimal Fillings}, 
      author={Alexander Ivanov and Alexey Tuzhilin},
      year={2016},
      eprint={1604.06116},
      archivePrefix={arXiv},
      primaryClass={math.MG},
}
